<record><leader>00000cas a22000007a 4500</leader><controlfield tag="001">19297900</controlfield><controlfield tag="008">890306d19491971gauwr ne      0    0eng d</controlfield><datafield ind1=" " ind2=" " tag="010"><subfield code="a">sn 89053027 </subfield></datafield><datafield ind1=" " ind2=" " tag="040"><subfield code="a">NLG</subfield><subfield code="b">eng</subfield><subfield code="c">NLG</subfield><subfield code="d">GUA</subfield><subfield code="d">OCLCQ</subfield><subfield code="d">OCLCF</subfield><subfield code="d">OCLCO</subfield></datafield><datafield ind1="1" ind2=" " tag="029"><subfield code="a">AU@</subfield><subfield code="b">000041034021</subfield></datafield><datafield ind1=" " ind2=" " tag="042"><subfield code="a">msc</subfield></datafield><datafield ind1=" " ind2=" " tag="043"><subfield code="a">n-us-ga</subfield></datafield><datafield ind1="0" ind2=" " tag="130"><subfield code="a">News record (Fort Gaines, Ga.)</subfield></datafield><datafield ind1="1" ind2="4" tag="245"><subfield code="a">The News record.</subfield></datafield><datafield ind1=" " ind2=" " tag="260"><subfield code="a">Fort Gaines, Ga. :</subfield><subfield code="b">Ivey E. Peebles,</subfield><subfield code="c">1949-1971.</subfield></datafield><datafield ind1=" " ind2=" " tag="300"><subfield code="a">v.</subfield></datafield><datafield ind1=" " ind2=" " tag="310"><subfield code="a">Weekly</subfield></datafield><datafield ind1="0" ind2=" " tag="362"><subfield code="a">Vol. 1, no. 1 (Jan. 13, 1949) ; (Mar. 26, 1971).</subfield></datafield><datafield ind1=" " ind2=" " tag="515"><subfield code="a">In Sept. 1966 the Vol. designation ceased. In Jan. 1971 the numbering also ceased.</subfield></datafield><datafield ind1=" " ind2=" " tag="530"><subfield code="a">Also on microfilm: Athens, Ga. : University of Georgia Libraries.</subfield></datafield><datafield ind1=" " ind2=" " tag="580"><subfield code="a">Merged with: Cuthbert times, to form: Cuthbert times and news record.</subfield></datafield><datafield ind1=" " ind2="0" tag="651"><subfield code="a">Fort Gaines (Ga.)</subfield><subfield code="v">Newspapers.</subfield></datafield><datafield ind1=" " ind2="0" tag="651"><subfield code="a">Clay County (Ga.)</subfield><subfield code="v">Newspapers.</subfield></datafield><datafield ind1=" " ind2="7" tag="655"><subfield code="a">Newspapers.</subfield><subfield code="2">fast</subfield><subfield code="0">(OCoLC)fst01423814</subfield></datafield><datafield ind1=" " ind2="7" tag="651"><subfield code="a">Georgia</subfield><subfield code="z">Clay County.</subfield><subfield code="2">fast</subfield><subfield code="0">(OCoLC)fst01206490</subfield></datafield><datafield ind1=" " ind2="7" tag="651"><subfield code="a">Georgia</subfield><subfield code="z">Fort Gaines.</subfield><subfield code="2">fast</subfield><subfield code="0">(OCoLC)fst01276075</subfield></datafield><datafield ind1=" " ind2=" " tag="752"><subfield code="a">United States</subfield><subfield code="b">Georgia</subfield><subfield code="c">Clay</subfield><subfield code="d">Fort Gaines.</subfield></datafield><datafield ind1="1" ind2="7" tag="785"><subfield code="t">Cuthbert times</subfield><subfield code="w">(DLC)sn 88054010</subfield><subfield code="w">(OCoLC)17863890</subfield></datafield><datafield ind1="1" ind2="7" tag="785"><subfield code="t">Cuthbert times and news record</subfield><subfield code="w">(DLC)sn 88054011</subfield><subfield code="w">(OCoLC)17671202</subfield></datafield></record>